@inproceedings{simoens2013sigasight,
 author = {Simoens, Pieter and Xiao, Yu and Pillai, Padmanabhan and Chen, Zhuo and Ha, Kiryong and Satyanarayanan, Mahadev},
 title = {Scalable Crowd-sourcing of Video from Mobile Devices},
 booktitle = {MobiSys},
 year = {2013},
 pages = {139--152},
 publisher = {ACM},
} 

@article{zhang2015twitch,
  author    = {Cong Zhang and Jiangchuan Liu},
  title     = {On Crowdsourced Interactive Live Streaming: {A} Twitch.TV-Based Measurement Study},
  journal   = {CoRR},
  volume    = {abs/1502.04666},
  year      = {2015},
}

@article{timothy2011h264,
 author = {Timothy Porter and Xiao-Hong Peng},
 title = {HYBRID TCP/UDP video transport for H.264/AVC content delivery in burst loss networks},
 journal ={2012 IEEE International Conference on Multimedia and Expo},
 volume = {0},
 year = {2011},
 pages = {1-5},
 publisher = {IEEE Computer Society},
}

@inproceedings{yin2009livesky,
 author = {Yin, Hao and Liu, Xuening and Zhan, Tongyu and Sekar, Vyas and Qiu, Feng and Lin, Chuang and Zhang, Hui and Li, Bo},
 title = {Design and Deployment of a Hybrid CDN-P2P System for Live Video Streaming: Experiences with LiveSky},
 booktitle = {MM '09},
 year = {2009},
 pages = {25--34},
 numpages = {10},
 publisher = {ACM},
} 

@inproceedings{ganjam2015c3,
 author = {Ganjam, Aditya and Jiang, Junchen and Liu, Xi and Sekar, Vyas and Siddiqi, Faisal and Stoica, Ion and Zhan, Jibin and Zhang, Hui},
 title = {C3: Internet-scale Control Plane for Video Quality Optimization},
 booktitle = {NSDI'15},
 year = {2015},
 pages = {131--144},
 publisher = {USENIX Association},
} 

@inproceedings{Mukerjee2014CDNvideo,
 author = {Mukerjee, Matthew K. and Hong, JungAh and Jiang, Junchen and Naylor, David and Han, Dongsu and Seshan, Srinivasan and Zhang, Hui},
 title = {Enabling Near Real-time Central Control for Live Video Delivery in CDNs},
 booktitle = {SIGCOMM '14},
 year = {2014},
 pages = {343--344},
 publisher = {ACM},
} 

@inproceedings{Xu2012skype,
 author = {Xu, Yang and Yu, Chenguang and Li, Jingjiang and Liu, Yong},
 title = {Video Telephony for End-consumers: Measurement Study of Google+, iChat, and Skype},
 booktitle = {IMC '12},
 year = {2012},
 pages = {371--384},
 publisher = {ACM},
} 


@inproceedings{flach2013reducing,
  title={Reducing web latency: the virtue of gentle aggression},
  author={Flach, Tobias and Dukkipati, Nandita and Terzis, Andreas and Raghavan, Barath and Cardwell, Neal and Cheng, Yuchung and Jain, Ankur and Hao, Shuai and Katz-Bassett, Ethan and Govindan, Ramesh},
  booktitle={ACM SIGCOMM},
  pages={159--170},
  year={2013},
  organization={ACM}
}

@inproceedings{Beernaert2013cassandra,
 author = {Beernaert, Leander and Gomes, Pedro and Matos, Miguel and Vila\c{c}a, Ricardo and Oliveira, Rui},
 title = {Evaluating Cassandra As a Manager of Large File Sets},
 booktitle = {CloudDP '13},
 year = {2013},
 pages = {25--30},
 publisher = {ACM},
} 

@inproceedings{Benson2010DCN,
 author = {Benson, Theophilus and Akella, Aditya and Maltz, David A.},
 title = {Network Traffic Characteristics of Data Centers in the Wild},
 booktitle = {IMC '10},
 year = {2010},
 pages = {267--280},
 publisher = {ACM},
 keywords = {characterization, data center traffic},
} 

@INPROCEEDINGS{6108105, 
author={French, H. and Jie Lin and Tung Phan and Dalal, A.C.}, 
booktitle={Performance Computing and Communications Conference (IPCCC), 2011 IEEE 30th International}, 
title={Real time video QoE analysis of RTMP streams}, 
year={2011}, 
pages={1-2}, 
}

@article{zambelli2009iis,
  title={IIS smooth streaming technical overview},
  author={Zambelli, Alex},
  journal={Microsoft Corporation},
  volume={3},
  year={2009}
}

@inproceedings{ishimaru2014blink,
  title={In the blink of an eye: combining head motion and eye blink frequency for activity recognition with google glass},
  author={Ishimaru, Shoya and Kunze, Kai and Kise, Koichi and Weppner, Jens and Dengel, Andreas and Lukowicz, Paul and Bulling, Andreas},
  booktitle={Proceedings of the 5th Augmented Human International Conference},
  pages={15},
  year={2014},
  organization={ACM}
}

@article{wei2008classification,
  title={Classification of access network types: Ethernet, wireless LAN, ADSL, cable modem or dialup?},
  author={Wei, Wei and Wang, Bing and Zhang, Chun and Kurose, Jim and Towsley, Don},
  journal={Computer Networks},
  volume={52},
  number={17},
  pages={3205--3217},
  year={2008},
  publisher={Elsevier}
}

@inproceedings{zhou2015demystifying,
  title={Demystifying and Mitigating TCP Stalls at the Server Side},
  author={Zhou, Jianer and Wu, Qinghua and Li, Zhenyu and Uhlig, Steve and Steenkiste, Peter and Chen, Jian and Xie, Gaogang},
  booktitle={ACM CoNext 2015},
  year={2015},
  organization={ACM}
}

@article{schwarz2007overview,
  title={Overview of the scalable video coding extension of the H. 264/AVC standard},
  author={Schwarz, Heiko and Marpe, Detlev and Wiegand, Thomas},
  journal={Circuits and Systems for Video Technology, IEEE Transactions on},
  volume={17},
  number={9},
  pages={1103--1120},
  year={2007},
  publisher={IEEE}
}